<?xml version="1.0" encoding="UTF-8"?><collection xmlns="http://www.loc.gov/MARC21/slim"><record><leader>00411nam--2200133-i-4500</leader><controlfield tag="001">000004116</controlfield><controlfield tag="002">20161230</controlfield><controlfield tag="005">20161230201025</controlfield><controlfield tag="008">060222s1000------------r-----000-0-eng-d</controlfield><datafield ind1=" " ind2=" " tag="080"><subfield code="a">629.183.2.041:662.614.2</subfield></datafield><datafield ind1=" " ind2=" " tag="100"><subfield code="a">Cocarev, N.I., Ustinov, G.I</subfield></datafield><datafield ind1=" " ind2=" " tag="245"><subfield code="a">Imbunatatirea regimului termic al cuptoarelor martin cu pacura. (traducere din limba rusa) uz intern</subfield></datafield><datafield ind1=" " ind2=" " tag="260"><subfield code="a">Bucuresti, I.D.T., 37 P</subfield></datafield><datafield ind1=" " ind2=" " tag="852"><subfield code="a">1351</subfield></datafield></record></collection>